%% Saved with string encoding Unicode (UTF-8) 

@article{de1998winning,
  title={Winning the coin toss and the home team advantage in one-day international cricket matches},
  author={De Silva, Basil M and Swartz, Tim B},
  year={1998},
  publisher={Department of Statistics and Operations Research, Royal Melbourne Institute of Technology}
}

@article{dawson2009bat,
  title={To bat or not to bat: An examination of match outcomes in day-night limited overs cricket},
  author={Dawson, Peter and Morley, Bruce and Paton, David and Thomas, Dennis},
  journal={Journal of the Operational Research Society},
  volume={60},
  number={12},
  pages={1786--1793},
  year={2009},
  publisher={Nature Publishing Group}
}